<?xml version="1.0" encoding="UTF-8"?><collection xmlns="http://www.loc.gov/MARC21/slim"><record><leader>00368nam--2200133-i-4500</leader><controlfield tag="001">000004314</controlfield><controlfield tag="002">20161230</controlfield><controlfield tag="005">20170304210302</controlfield><controlfield tag="008">060222s1000------------r-----000-0-eng-d</controlfield><datafield ind1=" " ind2=" " tag="100"><subfield code="a">Buscher, Gustav</subfield></datafield><datafield ind1=" " ind2=" " tag="245"><subfield code="a">Strahlen und strahlenwunder</subfield></datafield><datafield ind1=" " ind2=" " tag="260"><subfield code="a">Stuttgart</subfield><subfield code="b">Franckhsche Verlagshandlung</subfield><subfield code="c">1951</subfield></datafield><datafield ind1=" " ind2=" " tag="300"><subfield code="a">116 p. + 72 Fig. + 8 Tabele</subfield></datafield><datafield ind1=" " ind2=" " tag="CAT"><subfield code="a">SYS</subfield><subfield code="c">20170304</subfield><subfield code="h">210302</subfield></datafield></record></collection>